% This file was created with JabRef 2.8.1.
% Encoding: Cp1252

@article{gatys2015neural,
	title={A neural algorithm of artistic style},
	author={Gatys, Leon A and Ecker, Alexander S and Bethge, Matthias},
	journal={arXiv preprint arXiv:1508.06576},
	year={2015}
}
@article{carroll2004art,
	title={Art and human nature},
	author={Carroll, Noel},
	journal={The journal of aesthetics and art criticism},
	volume={62},
	number={2},
	pages={95--107},
	year={2004},
	publisher={JSTOR}
}
@article{jing2019neural,
	title={Neural style transfer: A review},
	author={Jing, Yongcheng and Yang, Yezhou and Feng, Zunlei and Ye, Jingwen and Yu, Yizhou and Song, Mingli},
	journal={IEEE transactions on visualization and computer graphics},
	year={2019},
	publisher={IEEE}
}
@article{kyprianidis2012state,
	title={State of the" Art?: A Taxonomy of Artistic Stylization Techniques for Images and Video},
	author={Kyprianidis, Jan Eric and Collomosse, John and Wang, Tinghuai and Isenberg, Tobias},
	journal={IEEE transactions on visualization and computer graphics},
	volume={19},
	number={5},
	pages={866--885},
	year={2012},
	publisher={IEEE}
}
@article{hertzmann2003survey,
	title={A survey of stroke-based rendering},
	author={Hertzmann, Aaron},
	journal={IEEE Computer Graphics and Applications},
	number={4},
	pages={70--81},
	year={2003},
	publisher={IEEE}
}
@book{kolliopoulos2005image,
	title={Image segmentation for stylized non-photorealistic rendering and animation},
	author={Kolliopoulos, Alexander},
	year={2005},
	publisher={University of Toronto}
}
@inproceedings{hertzmann2001image,
	title={Image analogies},
	author={Hertzmann, Aaron and Jacobs, Charles E and Oliver, Nuria and Curless, Brian and Salesin, David H},
	booktitle={Proceedings of the 28th annual conference on Computer graphics and interactive techniques},
	pages={327--340},
	year={2001}
}
@article{winnemoller2006real,
	title={Real-time video abstraction},
	author={Winnem{\"o}ller, Holger and Olsen, Sven C and Gooch, Bruce},
	journal={ACM Transactions On Graphics (TOG)},
	volume={25},
	number={3},
	pages={1221--1226},
	year={2006},
	publisher={ACM New York, NY, USA}
}
@inproceedings{tomasi1998bilateral,
	title={Bilateral filtering for gray and color images},
	author={Tomasi, Carlo and Manduchi, Roberto},
	booktitle={Sixth international conference on computer vision (IEEE Cat. No. 98CH36271)},
	pages={839--846},
	year={1998},
	organization={IEEE}
}
@article{julesz1962visual,
	title={Visual pattern discrimination},
	author={Julesz, Bela},
	journal={IRE transactions on Information Theory},
	volume={8},
	number={2},
	pages={84--92},
	year={1962},
	publisher={IEEE}
}
@inproceedings{heeger1995pyramid,
	title={Pyramid-based texture analysis/synthesis},
	author={Heeger, David J and Bergen, James R},
	booktitle={Proceedings of the 22nd annual conference on Computer graphics and interactive techniques},
	pages={229--238},
	year={1995}
}
@article{portilla2000parametric,
	title={A parametric texture model based on joint statistics of complex wavelet coefficients},
	author={Portilla, Javier and Simoncelli, Eero P},
	journal={International journal of computer vision},
	volume={40},
	number={1},
	pages={49--70},
	year={2000},
	publisher={Springer}
}
@inproceedings{efros1999texture,
	title={Texture synthesis by non-parametric sampling},
	author={Efros, Alexei A and Leung, Thomas K},
	booktitle={Proceedings of the seventh IEEE international conference on computer vision},
	volume={2},
	pages={1033--1038},
	year={1999},
	organization={IEEE}
}
@inproceedings{mahendran2015understanding,
	title={Understanding deep image representations by inverting them},
	author={Mahendran, Aravindh and Vedaldi, Andrea},
	booktitle={Proceedings of the IEEE conference on computer vision and pattern recognition},
	pages={5188--5196},
	year={2015}
}
@inproceedings{dosovitskiy2016generating,
	title={Generating images with perceptual similarity metrics based on deep networks},
	author={Dosovitskiy, Alexey and Brox, Thomas},
	booktitle={Advances in neural information processing systems},
	pages={658--666},
	year={2016}
}
@article{ILSVRC15,
	Author = {Olga Russakovsky and Jia Deng and Hao Su and Jonathan Krause and Sanjeev Satheesh and Sean Ma and Zhiheng Huang and Andrej Karpathy and Aditya Khosla and Michael Bernstein and Alexander C. Berg and Li Fei-Fei},
	Title = {{ImageNet Large Scale Visual Recognition Challenge}},
	Year = {2015},
	journal   = {International Journal of Computer Vision (IJCV)},
	doi = {10.1007/s11263-015-0816-y},
	volume={115},
	number={3},
	pages={211-252}
}
@article{simonyan2014very,
	title={Very deep convolutional networks for large-scale image recognition},
	author={Simonyan, Karen and Zisserman, Andrew},
	journal={arXiv preprint arXiv:1409.1556},
	year={2014}
}





@comment{jabref-meta: selector_review:}

@comment{jabref-meta: selector_publisher:}

@comment{jabref-meta: selector_author:}

@comment{jabref-meta: selector_journal:}

@comment{jabref-meta: selector_keywords:}

