% This file was created with JabRef 2.8.1.
% Encoding: Cp1252

@article{gatys2015neural,
	title={A neural algorithm of artistic style},
	author={Gatys, Leon A and Ecker, Alexander S and Bethge, Matthias},
	journal={arXiv preprint arXiv:1508.06576},
	year={2015}
}
@article{carroll2004art,
	title={Art and human nature},
	author={Carroll, Noel},
	journal={The journal of aesthetics and art criticism},
	volume={62},
	number={2},
	pages={95--107},
	year={2004},
	publisher={JSTOR}
}
@article{jing2019neural,
	title={Neural style transfer: A review},
	author={Jing, Yongcheng and Yang, Yezhou and Feng, Zunlei and Ye, Jingwen and Yu, Yizhou and Song, Mingli},
	journal={IEEE transactions on visualization and computer graphics},
	year={2019},
	publisher={IEEE}
}


@comment{jabref-meta: selector_review:}

@comment{jabref-meta: selector_publisher:}

@comment{jabref-meta: selector_author:}

@comment{jabref-meta: selector_journal:}

@comment{jabref-meta: selector_keywords:}

